<collection xmlns="http://www.loc.gov/MARC21/slim">
<record>
  <leader>01461nam0a22002771i 450 </leader>
  <controlfield tag="001">IT\ICCU\CNCE\053103</controlfield>
  <controlfield tag="005">20020924000000.0</controlfield>
  <datafield tag="012" ind1=" " ind2=" ">
    <subfield code="a">09fa 987. nei. reco (3) 1570 (R)</subfield>
    <subfield code="2">fei</subfield>
  </datafield>
  <datafield tag="100" ind1=" " ind2=" ">
    <subfield code="a">20020919d1570        0itac0103    ba</subfield>
  </datafield>
  <datafield tag="101" ind1=" " ind2=" ">
    <subfield code="a">LAT</subfield>
  </datafield>
  <datafield tag="102" ind1=" " ind2=" ">
    <subfield code="a">IT</subfield>
  </datafield>
  <datafield tag="200" ind1="1" ind2=" ">
    <subfield code="a"></subfield>
  </datafield>
  <datafield tag="210" ind1=" " ind2=" ">
    <subfield code="a">Venetiis</subfield>
    <subfield code="c"></subfield>
    <subfield code="d">1570</subfield>
  </datafield>
  <datafield tag="215" ind1=" " ind2=" ">
    <subfield code="a">\56!, 720 p.</subfield>
    <subfield code="d"></subfield>
  </datafield>
  <datafield tag="300" ind1=" " ind2=" ">
    <subfield code="a"></subfield>
  </datafield>
  <datafield tag="700" ind1=" " ind2="1">
    <subfield code="a">Cambanis,</subfield>
    <subfield code="b">Vitale</subfield>
    <subfield code="3">IT\ICCU\CNCA\002426</subfield>
  </datafield>
  <datafield tag="702" ind1=" " ind2="1">
    <subfield code="a">Descousu,</subfield>
    <subfield code="b">Celse Hugues</subfield>
    <subfield code="3">IT\ICCU\CNCA\002180</subfield>
  </datafield>
  <datafield tag="790" ind1=" " ind2="1">
    <subfield code="a">Cabanis,</subfield>
    <subfield code="b">Vitale : de</subfield>
    <subfield code="3">IT\ICCU\CNCA\002427</subfield>
    <subfield code="z">Cambanis, Vitale</subfield>
  </datafield>
  <datafield tag="790" ind1=" " ind2="1">
    <subfield code="a">Cambranis,</subfield>
    <subfield code="b">Vitale : de</subfield>
    <subfield code="3">IT\ICCU\CNCA\013066</subfield>
    <subfield code="z">Cambanis, Vitale</subfield>
  </datafield>
  <datafield tag="790" ind1=" " ind2="1">
    <subfield code="a">Celso,</subfield>
    <subfield code="b">Hugo : de</subfield>
    <subfield code="3">IT\ICCU\CNCA\002428</subfield>
    <subfield code="z">Descousu, Celse Hugues</subfield>
  </datafield>
  <datafield tag="790" ind1=" " ind2="1">
    <subfield code="a">Dissutus,</subfield>
    <subfield code="b">Celsus Hugo</subfield>
    <subfield code="3">IT\ICCU\CNCA\004778</subfield>
    <subfield code="z">Descousu, Celse Hugues</subfield>
  </datafield>
  <datafield tag="790" ind1=" " ind2="1">
    <subfield code="a">Hugo,</subfield>
    <subfield code="b">Celsus</subfield>
    <subfield code="3">IT\ICCU\CNCA\019707</subfield>
    <subfield code="z">Descousu, Celse Hugues</subfield>
  </datafield>
  <datafield tag="801" ind1=" " ind2="3">
    <subfield code="a">IT</subfield>
    <subfield code="b">ICCU</subfield>
    <subfield code="c">20201115</subfield>
  </datafield>
  <datafield tag="899" ind1=" " ind2=" ">
    <subfield code="a">Biblioteca nazionale centrale. Firenze</subfield>
    <subfield code="1">FI0098</subfield>
    <subfield code="2">CFI CF</subfield>
  </datafield>
  <datafield tag="899" ind1=" " ind2=" ">
    <subfield code="a">Biblioteca Estense Universitaria. Modena</subfield>
    <subfield code="1">MO0089</subfield>
    <subfield code="2">MOD BE</subfield>
  </datafield>
  <datafield tag="899" ind1=" " ind2=" ">
    <subfield code="a">Biblioteca nazionale centrale. Roma</subfield>
    <subfield code="1">RM0267</subfield>
    <subfield code="2">BVE CR</subfield>
  </datafield>
</record>
</collection>
